@article{ Kingman82a,
	title = {The coalescent},
	journal = {Stochast. Process. Applic.},
	volume = {13},
	number = {3},
	pages = {235-248},
	year = {1982},
	author = {Kingman, J. F. C.}
}

@TechReport{Crisan00,
  author = 	 {Crisan, D. and Doucet, A.},
  title = 	 {Convergence of sequential {Monte Carlo} methods},
  institution =  {Cambridge University Engineering Department},
  year = 	 {2000},
  OPTkey = 	 {},
  type =	 {Technical Report},
  number =	 {CUED/F-INFENG/TR381},
  OPTaddress = 	 {},
  OPTmonth = 	 {},
  OPTnote = 	 {},
  OPTannote = 	 {}
}

@article{ Whiteley13,
	title = {Stability properties of some particle filters},
	journal = {Ann. Appl. Probab.},
	volume = {23},
	number = {6},
	pages = {2500-2537},
	year = {2013},
	author = {Whiteley, N.}
}

@article{ hardy/ramanujan:1918,
	title = {Asymptotic formulae in combinatory analysis},
	journal = {P. Lond. Math. Soc.},
	volume = {s2-17},
	number = {1},
	pages = {75--115},
	year = {1918},
	author = {Hardy, G.~H. and Ramanujan, S.}
}

@TechReport{Gerber17,
  author = 	 {Gerber, M. and Chopin, N. and Whiteley, N.},
  title = 	 {Negative association, ordering and convergence of resampling methods},
  institution =  {ArXiv},
  year = 	 {2017},
  OPTkey = 	 {},
  type =	 {Preprint},
  number =	 {1707.01845},
  OPTaddress = 	 {},
  OPTmonth = 	 {},
  OPTnote = 	 {},
  OPTannote = 	 {}
}

@article{ LeGland04,
	title = {Stability and uniform approximation of nonlinear filters using the {Hilbert} metric and application to particle filters},
	journal = {Ann. Appl. Probab.},
	volume = {14},
	number = {1},
	pages = {144-187},
	year = {2004},
	author = {Le Gland, F. and Oudjane, N.}
}

@article{ Jacob15,
	title = {Path storage in the particle filter},
	journal = {Stat. Comput.},
	volume = {25},
	pages = {487-496},
	year = {2015},
	author = {Jacob, P. E. and Murray, L. M. and Rubenthaler, S.}
}

@article{ Crawford04,
	title = {Evidence for substantial fine-scale variation in recombination rates across the human genome},
	journal = {Nat. Genet.},
	volume = {36},
	pages = {700-706},
	year = {2004},
	author = {Crawford, D. C. and Bhangale, T. and Li, N. and Hellenthal, G. and Reider, M. J. and Nickerson, D. A. and Stephens, M.}
}

@article{ Gay07,
	title = {Estimating meiotic gene conversion rates from population genetic data},
	journal = {Genetics},
	volume = {177},
	pages = {881-894},
	year = {2007},
	author = {Gay, J. C. and Myers, S. and McVean, G.}
}

@article{ Yin09,
	title = {Joint estimation of gene conversion rates and mean conversion tract lengths from population {SNP} data},
	journal = {Bioinformatics},
	volume = {25},
	number = {12},
	pages = {i231-i239},
	year = {2009},
	author = {Yin, J. and Jordan, M. I. and Song, Y. S.}
}

@article{ Cornebise08,
	title = {Adaptive methods for sequential importance sampling with applications to state space models},
	journal = {Stat. Comput.},
	volume = {18},
	pages = {461-480},
	year = {2008},
	author = {Cornebise, J. and Moulines, E. and Olsson, J.}
}

@article{ Stephens05,
	title = {Accounting for decay of linkage disequilibrium in haplotype inference and missing-data imputation},
	journal = {Am. J. Hum. Genet.},
	volume = {76},
	number = {3},
	pages = {449-462},
	year = {2005},
	author = {Stephens, M. and Scheet, P.}
}

@article{ Scheet06,
	title = {A fast and flexible statistical model for large-scale population genotype data: applications to inferring missing genotypes and haplotype phase},
	journal = {Am. J. Hum. Genet.},
	volume = {78},
	pages = {629-644},
	year = {2006},
	author = {Scheet, P. and Stephens, M.}
}

@article{ Li06,
	title = {Mach 1.0: rapid haplotype reconstruction and missing genotype inference},
	journal = {Am. J. Hum. Genet.},
	volume = {S79},
	pages = {2290},
	year = {2006},
	author = {Li, N. and Abecasis, G. R.}
}

@article{ Marchini07,
	title = {A new multipoint method for genome-wide association studies by imputation of genotypes},
	journal = {Nat. Genet.},
	volume = {39},
	number = {7},
	pages = {906-913},
	year = {2007},
	author = {Marchini, J. and Howie, B. and Myers, S. R. and McVean, G. and Donnelly, P.}
}

@article{ Howie09,
	title = {A flexible and accurate genotype imputation method for the next generation of genome-wide association studies},
	journal = {PLoS Genet.},
	volume = {5},
	number = {6},
	pages = {e1000529},
	year = {2009},
	author = {Howie, B. N. and Donnelly, P. and Marchini, J.}
}

@article{ Price09,
	title = {Sensitive detection of chromosomal segments of distinct ancestry in admixed populations},
	journal = {PLoS Genet.},
	volume = {5},
	number = {6},
	pages = {e1000519},
	year = {2009},
	author = {Price, A. L. and Tandon, A. and Patterson, N. and Barnes, K. C. and Rafaels, N. and Ruczinski, I. and Beaty, T. H. and Mathias, R. and Reich, D. and Myers, S.}
}

@article{ Hellenthal08,
	title = {Inferring human colonization history using a copying model},
	journal = {PLoS Genet.},
	volume = {4},
	pages = {e1000078},
	year = {2008},
	author = {Hellenthal, G. and Auton, A. and Falush, D.}
}

@article{ Davison09,
	title = {An approximate likelihood for genetic data under a model with recombination and population splitting},
	journal = {Theor. Popul. Biol.},
	volume = {75},
	number = {4},
	pages = {331-345},
	year = {2009},
	author = {Hellenthal, G. and Auton, A. and Falush, D.}
}

@article{ Kingman82b,
	title = {On the genealogy of large populations},
	journal = {J. Appl. Prob.},
	volume = {19A},
	pages = {27-43},
	year = {1982},
	author = {Kingman, J. F. C.}
}

@article{ Fisher12,
	title = {On an absolute criterion for fitting frequency curves},
	journal = {Messenger of Mathematics},
	volume = {41},
	pages = {155-160},
	year = {1912},
	author = {Fisher, R. A.}
}

@article{ Fisher22b,
	title = {On the mathematical foundations of theoretical statistics},
	journal = {Philos. Trans. Roy. Soc. London Ser. A},
	volume = {222},
	pages = {309-368},
	year = {1922},
	author = {Fisher, R. A.}
}

@article{ LeCam53,
	title = {On some asymptotic properties of maximum likelihood estimates and related {Bayes} estimates},
	journal = {University of California Publications in Statistics},
	volume = {1},
	pages = {277-330},
	year = {1953},
	author = {Le Cam, L.}
}

@article{ LeCam56,
	title = {On the asymptotic theory of estimation and testing hypotheses},
	journal = {Proc. Third Berkeley Symp. Math. Statist. Probab.},
	volume = {1},
	pages = {129-156},
	year = {1956},
	author = {Le Cam, L.}
}

@article{ LeCam60,
	title = {Locally asymptotically normal families of distributions},
	journal = {University of California Publications in Statistics},
	volume = {3},
	pages = {37-98},
	year = {1960},
	author = {Le Cam, L.}
}

@article{ Metropolis53,
	title = {Equation of state calculations by fast computing machines},
	journal = {J. Chem. Phys.},
	volume = {21},
	pages = {1087-1092},
	year = {1953},
	author = {Metropolis, N. and Rosenbluth, A. W. and Rosenbluth, M. N. and Teller, A. H. and Teller, E.}
}

@article{ Hastings70,
	title = {Monte {Carlo} sampling methods using {Markov} chains and their applications},
	journal = {Biometrika},
	volume = {57},
	pages = {97-109},
	year = {1970},
	author = {Hastings, W. K.}
}

@article{ DelMoral06,
	title = {Sequential {Monte Carlo} samplers},
	journal = {J. R. Statist. Soc. B},
	volume = {68},
	pages = {411-436},
	year = {2006},
	author = {{Del Moral}, P. and Doucet, A. and Jasra, A.}
}

@article{ DelMoral07,
	title = {Strong propagation of chaos in {Moran}'s type particle interpretations of {Feynman-Kac} measures},
	journal = {Stoch. Anal. Appl.},
	volume = {25},
	number = {3},
	pages = {519-575},
	year = {2007},
	author = {{Del Moral}, P. and Miclo, L.}
}

@article{ DelMoral01,
	title = {On the stability of interacting processes with applications to filtering and genetic algorithms},
	journal = {Ann. Inst. H. Poincar\'e, Probab. et Stat.},
	volume = {37},
	number = {2},
	pages = {155-194},
	year = {2001},
	author = {{Del Moral}, P. and Guionnet, A.}
}

@article{ DelMoral01b,
	title = {Genealogies and increasing propagation of chaos for {Feynman-Kac} and genetic models},
	journal = {Ann. Appl. Probab.},
	volume = {11},
	number = {4},
	pages = {1166-1198},
	year = {2001},
	author = {{Del Moral}, P. and Miclo, L.}
}

@article{ DelMoral09,
	title = {The convergence to equilibrium of neutral genetic models},
	journal = {Stoch. Anal. Appl.},
	volume = {28},
	number = {1},
	pages = {123-143},
	year = {2009},
	author = {{Del Moral}, P. and Miclo, L. and Patras, F. and Rubenthaler, S.}
}

@Book{DelMoral13,
  author = 	 {{Del Moral}, P.},
  title = 	 {Mean field simulation for {Monte Carlo} integration},
  publisher = 	 {Chapman Hall},
  year = 	 {2013},
  OPTkey = 	 {},
  OPTvolume = 	 {},
  OPTnumber = 	 {},
  OPTseries = 	 {},
  address =	 {},
  OPTedition = 	 {},
  OPTmonth = 	 {},
  OPTnote = 	 {},
  OPTannote = 	 {}
}

@article{ Kuensch05,
	title = {Recursive {Monte Carlo} filters: algorithms and theoretical analysis},
	journal = {Ann. Stat.},
	volume = {33},
	number = {5},
	pages = {1983-2021},
	year = {2005},
	author = {K{\"u}nsch, H. R.}
}

@article{ Chopin04,
	title = {Central limit theorem for sequential {Monte Carlo} methods and its application to {Bayesian} inference},
	journal = {Ann. Stat.},
	volume = {32},
	number = {6},
	pages = {2385-2411},
	year = {2004},
	author = {Chopin, N.}
}

@incollection{ Doucet11,
	title = {A tutorial on particle filtering and smoothing: fifteen years later},
	editor = {Crisan, D. and Rozovsky, B.},
	booktitle = {The Oxford Handbook of Nonlinear Filtering},
	year = {2011},
	publisher = {Oxford University Press},
	author = {Doucet, A. and Johansen, A. M.},
	pages = {656--704}
}

@Inbook{DelMoral00,
author="{Del Moral}, P.
and Miclo, L.",
editor="Az{\'e}ma, Jacques
and Ledoux, Michel
and {\'E}mery, Michel
and Yor, Marc",
title="Branching and interacting particle systems approximations of feynman-kac formulae with applications to non-linear filtering",
bookTitle="S{\'e}minaire de Probabilit{\'e}s {XXXIV}",
year="2000",
publisher="Springer",
address="Berlin, Heidelberg",
pages="1--145",
}

@incollection{ Hudson90,
	title = {Gene genealogies and the coalescent process},
	editor = {Futuyama, D. J. and Antonovics, J.},
	booktitle = {Oxford Surveys in Evolutionary Biology},
	year = {1990},
	publisher = {Oxford University Press},
	author = {Hudson, R. R.},
}

@article{ Beskos09,
	title = {Monte {Carlo} maximum likelihood estimation for discretely observed diffusion processes},
	journal = {Ann. Statist.},
	volume = {37},
	number = {1},
	pages = {223-245},
	year = {2009},
	author = {Beskos, A. and Papaspiliopoulos, O. and Roberts, G. O.},
}

@article{ Beskos06,
	title = {Exact and computationally efficient likelihood-based estimation for discretely observed diffusion processes (with discussion)},
	journal = {J. R. Statist. Soc. B},
	volume = {68},
	number = {3},
	pages = {333-382},
	year = {2006},
	author = {Beskos, A. and Papaspiliopoulos, O. and Roberts, G. O. and Fearnhead, P.},
}

@article{ Schwartz65,
	title = {On {Bayes} procedures},
	journal = {Z. Warsch. Verw. Gebiete},
	volume = {4},
	pages = {10-26},
	year = {1965},
	author = {Schwartz, L.},
}

@article{ Fu06,
	title = {Exact coalescent for the {Wright-Fisher} model},
	journal = {Theor. Popln Biol.},
	volume = {69},
	issue = {4},
	pages = {385-394},
	year = {2006},
	author = {Fu, Y.-X.},
}

@article{ Downey07,
	title = {The ratio of the extreme to the sum in a random sequence},
	journal = {Extremes},
	volume = {10},
	pages = {249-266},
	year = {2007},
	author = {Downey, P. J. and Wright, P. E.},
}

@article{ Diaconis86,
	title = {On the consistency of {Bayes} estimates},
	journal = {Ann. Statist.},
	volume = {14},
	number = {1},
	pages = {1-26},
	year = {1986},
	author = {Diaconis, P. and Freedman, D.},
}

@article{ Drummond02,
	title = {Estimating mutation parameters, population history and genealogy simultaneously from temporally spaced sequence data},
	journal = {Genetics},
	volume = {161},
	pages = {1307-1320},
	year = {2002},
	author = {Drummond, A. J. and Nicholls, G. K. and Rodrigo, A. G. and Solomon, W.},
}

@article{ Moehle98,
	title = {Robustness results for the coalescent},
	journal = {J. Appl. Probab},
	volume = {35},
	pages = {438-447},
	year = {1998},
	author = {M{\"{o}}hle, M.},
}

@article{ Moehle99,
	title = {Weak convergence to the coalescent in neutral population models},
	journal = {J. Appl. Probab},
	volume = {36},
	pages = {446-460},
	year = {1999},
	author = {M{\"{o}}hle, M.},
}

@article{ Watterson75,
	title = {On the number of segregating sites in genetical models without recombination},
	journal = {Theor. Popln Biol.},
	volume = {7},
	pages = {256-276},
	year = {1975},
	author = {Watterson, G. A.},
}

@article{ Donnelly95,
	title = {Coalescents and genealogical structure under neutrality},
	journal = {Annu. Rev. Genet.},
	volume = {29},
	pages = {401-421},
	year = {1995},
	author = {Donnelly, P. and Tavar\'e, S.},
}

@article{ Moehle01,
	title = {A classification of coalescent processes for haploid exchangeable population models},
	journal = {Ann. Probab.},
	volume = {29},
	number = {4},
	pages = {1547-1562},
	year = {2001},
	author = {M. M\"{o}hle and S. Sagitov},
}

@article{ Birkner12,
	title = {An ancestral recombination graph for diploid populations with skewed offspring distribution},
	journal = {Genetics},
	volume = {Early online November 12},
	year = {2012},
	author = {Birkner, M. and Blath, J. and Eldon, B.},
}

@article{ Bertoin03,
	Author = { Bertoin, J. and Le Gall, J.-F. },
	Journal = {Probab. Theory Related Fields},
	Volume = {126},
	Pages = {261-288},
	Title = {Stochastic flows associated to coalescent processes},
	Year = {2003},
}

@article{ Moehle06,
	Author = { M. M\"ohle },
	Journal = {Bernoulli},
	Volume = {12},
	Number = {1},
	Pages = {35-53},
	Title = {On sampling distributions for coalescent processes with simultaneous multiple collisions},
	Year = {2006},
}

@article{ vanderMeulen13,
	Author = { van der Meulen, F. and van Zanten, H. },
	Journal = {Bernoulli},
	Volume = {19},
	Number = {1},
	Pages = {44-63},
	Title = {Consistent nonparametric {Bayesian} inference for discretely observed scalar diffusions},
	Year = {2013},
}

@article{ obrien80,
	Author = { O'Brien, G. L. },
	Journal = {J. Appl. Probab.},
	Volume = {17},
	Pages = {539-545},
	Title = {A limit theorem for sample maxima and heavy branches in {Galton}-{Watson} trees},
	Year = {1980},
}

@inproceedings{ Douc05,
	Author = {Douc, R. and Capp\'e, O. and Moulines, E.},
	Title = {Comparison of resampling schemes for particle filtering},
	Booktitle = {Proceedings of the 4th International Symposium on Image and Signal Processing and Analysis},
	Year = {2005},
	Pages = {64-69},
}

@article{Ferguson73,
	author = {Ferguson, T. S.},
	title =	{A Bayesian analysis of some nonparametric problems},
	journal = {Ann. Stat.},
	year = {1973},
	volume = {1},
	number = {2},
	pages = {209--230}
}

@article{ Wang10,
	Author = { Wang, J. },
	Journal = {Stoch. Proc. Appl.},
	Volume = {120},
	Number = {9},
	Pages = {1680--1700},
	Title = {Regularity of semigroups generated by {L}\'evy type operators via coupling},
	Year = {2010},
}

@article{ Kong94,
	Author = { Kong, A. and Liu, J. S. and Wong, W. H. },
	Journal = {J. Am. Statist. Assoc.},
	Volume = {89},
	Number = {425},
	Pages = {278-288},
	Title = {Sequential imputations and {Bayesian} missing data problems},
	Year = {1994},
}

@article{ Liu95,
	Author = { Liu, J. S. and Chen, R. },
	Journal = {J. Am. Statist. Assoc.},
	Volume = {90},
	Number = {430},
	Pages = {567--576},
	Title = {Blind deconvolution via sequential imputations},
	Year = {1995},
}


@article{ Cheridito05,
	Author = { Cheridito, P. and Filipovi\'c, D. and Yor, M. },
	Journal = {Ann. Appl. Probab.},
	Volume = {15},
	Number = {3},
	Pages = {1713--1732},
	Title = {Equivalent and absolutely continuous measure changes for jump-diffusion processes},
	Year = {2005},
}

@article{ Bertoin05,
	Author = { Bertoin, J. and Le Gall, J.-F. },
	Journal = {Ann. Inst. Henri Poincare Probab. Stat.},
	Volume = {41},
	Number = {3},
	Pages = {307--333},
	Title = {Stochastic flows associated to coalescent processes {II}: stochastic differential equations},
	Year = {2005},
}

@article{ Castillo13,
	Author = { Castillo, I. and Nickl, R. },
	Journal = {Ann. Stat.},
	Volume = {41},
	Number = {4},
	Pages = {1999-2028},
	Title = {Nonparametric {Bernstein}-von {Mises} theorems in {Gaussian} white noise},
	Year = {2013},
}

@article{ Castillo14,
	Author = { Castillo, I. and Nickl, R. },
	Journal = {Ann. Stat.},
	Volume = {42},
	Number = {5},
	Pages = {1941-1969},
	Title = {On the {Bernstein}-von {Mises} phenomenon for nonparametric {Bayes} procedures},
	Year = {2014},
}

@article{ Der14,
	Author = { Der, R. and Plotkin, J. B. },
	Journal = {Genetics},
	Volume = {196},
	Number = {4},
	Pages = {1199--1216},
	Title = {The equilibrium allele frequency distribution for a population with reproductive skew},
	Year = {2014},
}

@book{ Polya72,
	Title = {Problems and theorems in analysis},
	Author = {P\'olya, G. and Szeg\"o, G.},
	Volume = {1 and 2},
	Year = {1972},
	Publisher = {Springer-Verlang}
}

@book{ Hjort10,
	Title = {Bayesian nonparametrics},
	Editor = {Hjort, N. L. and Holmes, C. and M\"uller, P. and Walker, S. G.},
	Year = {2010},
	Publisher = {Cambridge University Press},
	Series = {Cambridge series in statistical and probabilistic mathematics},
}

@book{ Chung00,
	Title = {A course in probability theory},
	Author = {Chung, K. L.},
	Year = {2000},
	Publisher = {Academic Press},
	Edition = {3rd},
}

@book{ LeCam86,
	Title = {Asymptotic methods in statistical decision theory},
	Author = {Le Cam, L.},
	Year = {1986},
	Publisher = {Springer},
}

@book{ Durrett08,
	Title = {Probability models for {DNA} sequence evolution},
	Author = {Durrett, R.},
	Year = {2008},
	Publisher = {Springer},
}

@book{ Wakeley09,
	Title = {Coalescent theory: an introduction},
	Author = {Wakeley, J.},
	Year = {2009},
	Publisher = {Roberts \& Co},
}

@article{ Schweinsberg00,
	title = {Coalescents with simultaneous multiple collisions},
	journal = {Electron. J. Probab.},
	volume = {5},
	pages = {1-50},
	year = {2000},
	author = {J. Schweinsberg},
}

@article{ Sargsyan08,
	title = {A coalescent process with simultaneous multiple mergers for approximating the gene genealogies of many marine organisms},
	journal = {Theor. Popln Biol.},
	volume = {7},
	pages = {104-114},
	year = {2008},
	author = {O. Sargsyan and J. Wakeley},
}

@article{ Taylor09,
	title = {Coalescent processes in subdivided populations subject to recurrent mass extinctions},
	journal = {Electron. J. Probab.},
	volume = {14},
	pages = {242-288},
	year = {2009},
	author = {J. E. Taylor and A. V\'{e}ber},
}

@article{ Gorur08,
	title = {An efficient sequential {Monte Carlo} algorithm for coalescent clustering},
	journal = {NIPS},
	year = {2008},
	author = {D. Gorur and Y.W. Teh},
}

@article{ Birkner11,
	title = {Importance sampling for {L}ambda-coalescents in the infinitely many sites model},
	journal = {Theor. Popln Biol.},
	volume = {79},
	number = {4},
	pages = {155-173},
	year = {2011},
	author = {Birkner, M. and Blath, J. and Steinr\"{u}cken, M.}
}

@article{ Steinrucken13a,
	title = {Analysis of {DNA} sequence variation within marine species using {B}eta-coalescents},
	journal = {Theor. Popln Biol.},
	volume = {87},
	pages = {15-24},
	year = {2013},
	author = {Steinr\"{u}cken, M. and Birkner, M. and Blath, J.}
}

@article{ Birkner08,
	title = {Computing likelihoods for coalescents with multiple collisions in the infinitely many sites model},
	journal = {J. Math. Biol.},
	volume = {57},
	number = {3},
	pages = {435-463},
	year = {2008},
	author = {Birkner, M. and Blath, J.}
}

@article{ Stephens00,
	title = {Inference in molecular population genetics},
	journal = {J. R. Statist. Soc. B},
	volume = {62},
	number = {4},
	pages = {605-655},
	year = {2000},
	author = {Stephens, M. and Donnelly, P.}
}

@article{ Griffiths94c,
	title = {Simulating probability distributions in the coalescent},
	journal = {Theor. Popln Biol.},
	volume = {46},
	pages = {131-159},
	year = {1994},
	author = {Griffiths, R. C. and Tavar\'{e}, S.}
}

@article{ Griffiths94a,
	title = {Ancestral inference in population genetics},
	journal = {Statist. Sci.},
	volume = {9},
	pages = {307-319},
	year = {1994},
	author = {Griffiths, R. C. and Tavar\'{e}, S.}
}

@article{ Griffiths94b,
	title = {Sampling theory for neutral alleles in a varying environment},
	journal = {Phil. Trans. R. Soc. Lond. B},
	volume = {344},
	pages = {403-410},
	year = {1994},
	author = {Griffiths, R. C. and Tavar\'{e}, S.}
}

@article{ Griffiths99,
	title = {The ages of mutations in gene trees},
	journal = {Ann. Appl. Probab.},
	volume = {9},
	pages = {567-590},
	year = {1999},
	author = {Griffiths, R. C. and Tavar\'{e}, S.}
}

@article{ Felsenstein99,
	title = {Likelihoods on coalescents: a {Monte Carlo} sampling approach to inferring parameters from population samples of molecular data},
	journal = {IMS Lect. Notes Monogr. Ser.},
	volume = {33},
	pages = {163-185},
	year = {1999},
	author = {Felsenstein, J. and Kuhner, M. K. and Yamamoto, J. and Beerli, P.}
}

@article{ DeIorio04a,
	title = {Importance sampling on coalescent histories {I}},
	journal = {Adv. in Appl. Probab.},
	volume = {36},
	number = {2},
	pages = {417-433},
	year = {2004},
	author = {De Iorio, M. and Griffiths, R. C.}
}

@article{ DeIorio04b,
	title = {Importance sampling on coalescent histories {II}: {S}ubdivided population models},
	journal = {Adv. in Appl. Probab.},
	volume = {36},
	number = {2},
	pages = {434-454},
	year = {2004},
	author = {De Iorio, M. and Griffiths, R. C.}
}

@article{ Paul10,
	title = {A principled approach to deriving approximate conditional sampling distributions in population genetic models with recombination},
	journal = {Genetics},
	volume = {186},
	pages = {321-338},
	year = {2010},
	author = {Paul, J. S. and Song, Y.  S.}
}

@article{ Pitman99,
	title = {Coalescents with multiple collisions},
	journal = {Ann. Probab.},
	volume = {27},
	number = {4},
	pages = {1870-1902},
	year = {1999},
	author = {Pitman, J.}
}

@article{ Sagitov99,
	title = {The general coalescent with asynchronous mergers of ancestral lineages},
	journal = {J. Appl. Probab.},
	volume = {36},
	number ={4},
	pages = {1116-1125},
	year = {1999},
	author = {Sagitov, S.}
}

@article{ Eldon06,
	title = {Coalescent processes when the distribution of offspring number among individuals is highly skewed},
	journal = {Genetics},
	volume = {172},
	pages = {2621-2633},
	year = {2006},
	author = {Eldon, B. and Wakeley, J.}
}

@article{ Arnason04,
	title = {Mitochondrial cytochrome b {DNA} variation in the high-fecundity {A}tlantic cod: trans-{A}tlantic clines and shallow gene genealogy},
	journal = {Genetics},
	volume = {166},
	pages = {1871-1885},
	year = {2004},
	author = {\'{A}rnason, E.}
}

@article{ Boom94,
	title = {Mitochondrial {DNA} variation in introduced populations of {P}acific oyster, {C}rassostrea gigas, in {B}ritish {C}olumbia},
	journal = {Can. J. Fish. Aquat. Sci.},
	volume = {51},
	pages = {1608-1614},
	year = {1994},
	author = {Boom, J. D. G. and Boulding, E. G . and Beckenback, A. T.}
}

@article{ Schweinsberg03,
	title = {Coalescent processes obtained from super-critical {G}alton-{W}atson processes},
	journal = {Stoch. Proc. Appl.},
	volume = {106},
	pages = {107-139},
	year = {2003},
	author = {Schweinsberg, J.}
}

@article{ Donnelly99,
	title = {Particle representations for measure-valued population models},
	journal = {Ann. Probab.},
	volume = {27},
	number = {1},
	pages = {166-205},
	year = {1999},
	author = {Donnelly, P. and Kurtz, T.}
}

@article{ Donnelly96,
	title = {A countable representation of the {Fleming-Viot} measure-valued diffusion},
	journal = {Ann. Probab.},
	volume = {24},
	number = {2},
	pages = {698-742},
	year = {1996},
	author = {Donnelly, P. and Kurtz, T.}
}


@article{ Griffiths96,
	title = {Ancestral inference from samples of {DNA} sequences with recombination},
	journal = {J. Comput. Biol.},
	volume = {3},
	pages = {479-502},
	year = {1996},
	author = {Griffiths, R. C. and Marjoram, P.}
}

@article{ Fearnhead01,
	title = {Estimating recombination rates from population genetic data},
	journal = {Genetics},
	volume = {159},
	pages = {1299-1318},
	year = {2001},
	author = {Fearnhead, P. and Donnelly, P.}
}

@article{ DeIorio05,
	title = {Stepwise mutation likelihood computation by sequential importance sampling in subdivided population models},
	journal = {Theor. Popln Biol.},
	volume = {68},
	pages = {41-53},
	year = {2005},
	author = {De Iorio, M. and Griffiths, R. C. and Leblois, L. and Rousset, F.}
}

@article{ Heuer13,
	title = {On spatial coalescents with multiple mergers in two dimensions},
	journal = {Theor. Popln Biol.},
	volume = {87},
	pages = {90-104},
	year = {2013},
	author = {Heuer, B. and Sturm, A.}
}

@article{ Durrett05,
	Author = { Durrett, R. and Schweinsberg, J.},
	Journal = {Stoch. Proc. Appl.},
	Volume = {115},
	Pages = {1628--1657},
	Title = {A coalescent model for the effect of advantageous mutations on the genealogy of a population},
	Year = {2005},
}

@article{ Griffiths08,
	title = {Importance sampling and the two-locus model with subdivided population structure},
	journal = {Adv. in Appl. Probab.},
	volume = {40},
	pages = {473-500},
	year = {2008},
	author = {Griffiths, R. C. and Jenkins, P. A. and Song, Y. S.}
}

@article{ Hobolth08,
	title = {Importance sampling for the infinite sites model},
	journal = {Stat. Appl. Genet. Mol.},
	volume = {7},
	pages = {Article 32},
	year = {2008},
	author = {Hobolth, A. and Uyenoyama, M. and Wiuf, C.}
}

@article{ Jenkins11,
	title = {Inference from samples of {DNA} sequences using a two-locus model},
	journal = {J. Comput. Biol.},
	volume = {18},
	pages = {109-127},
	year = {2011},
	author = {Jenkins, P. A. and Griffiths, R. C.}
}

@incollection{ Herbots97,
	title = {The structured coalescent},
	editor = {Donnelly, P. and Tavar\'e, S.},
	booktitle = {Progress in Population Genetics and Human Evolution},
	pages = {231-255},
	year = {1997},
	publisher = {Springer-Verlang},
	author = {Herbots, H. M.},
}

@incollection{Birkner09b,
	title = {Measure-valued diffusions, general coalescents and population genetic inference},
	editor = {Blath, J. and M\"orters, P. and Scheutzow, M.},
	booktitle = {Trends in Stochastic Analysis},
	series = {London Mathematical Society Lecture Note Series},
	pages = {329-363},
	year = {2009},
	publisher = {Cambridge University Press},
	author = {Birkner, M. and Blath, J.},
}

@incollection{Griffiths97,
	title = {An ancestral recombination graph}, 
	editor = {Donnelly, P. and Tavar\'e, S.},
	booktitle = {Progress in Population Genetics and Human Evolution},
	pages = {257-270},
	year = {1997},
	publisher = {Springer-Verlang},
	author = {Griffiths, R. C. and Marjoram, P.},
}

@article{ Paul11,
	title = {An accurate sequentially {M}arkov conditional sampling distribution for the coalescent with recombination},
	journal = {Genetics},
	volume = {187},
	pages = {1115-1128},
	year = {2011},
	author = {Paul, J. S. and Steinr\"{u}cken, M. and Song, Y. S.},
}

@article{ Steinrucken13b,
	title = {A sequentially {Markov} conditional sampling distribution for structured populations with migration and recombination},
	journal = {Theor. Popln Biol.},
	volume = {87},
	pages = {51-61},
	year = {2013},
	author = {Steinr\"{u}cken, M. and Paul, J. S. and Song, Y. S.},
}

@article{ Sheehan13,
	title = {Estimating variable effective population sizes from multiple genomes: A sequentially {Markov} conditional sampling distribution approach},
	journal = {Genetics},
	volume = {194},
	pages = {647-662},
	year = {2013},
	author = {Sheehan, S. and Harris, K. and Song, Y. S.},
}

@article{ Jenkins12,
	title = {Stopping-time resampling and population genetic inference under coalescent models},
	journal = {Stat. Appl. Genet. Mol. Biol.},
	volume = {11},
	number = {1},
	pages = {Article 9},
	year = {2012},
	author = {Jenkins, P. A.},
}

@article{ Marjoram06,
	title = {Modern computational appraoches for analysing molecular genetic variation data},
	journal = {Nat. Rev. Genet.},
	volume = {7},
	pages = {759-770},
	year = {2006},
	author = {Marjoram, P. and Tavar\'e, S.},
}

@article { Barton13a,
	title = {Modelling evolution in a spatial continuum},
	journal = {J. Stat. Mech.},
	volume = {P01002},
	year = {2013},
	author = {N. H. Barton and A. M. Etheridge and A. V\'{e}ber},
}

@article { Barton13b,
	title = {Inference in two dimensions: allele frequencies versus lengths of shared sequence blocks},
	journal = {Theor. Popln Biol.},
	year = {2013},
	author = {N. H. Barton and A. M. Etheridge and J. Kelleher and A. V\'{e}ber},
	volume = {87},
	pages = {105-119},
}

@article { Barton10b,
	title = {A new model for extinction and recolonization in two dimensions: quantifying phylogeography},
	journal = {Evolution},
	volume = {64},
	number = {9},
	pages = {2701-2715},
	year = {2010},
	author = {N. H. Barton and J. Kelleher and A. M. Etheridge},
}

@article{ Barton10a,
	title = {A new model for evolution in a spatial continuum},
	journal = {Electron. J. Probab.},
	volume = {15},
	number = {7},
	pages = {162-216},
	year = {2010},
	author = {N. H. Barton and A. M. Etheridge and A. V\'{e}ber},
}

@article{ Berestycki13,
	title = {Large scale behaviour of the spatial {$\Lambda$-Fleming-Viot} process},
	journal = {Ann. Inst. H. Poincar\'{e} Probab. Statist.},
	volume = {49},
	number = {2},
	pages = {374-401},
	year = {2013},
	author = {N. Berestycki and A. M. Etheridge and A. V\'{e}ber},
}

@article{ Etheridge08,
	author = {A. M. Etheridge},
	title = {Drift, draft and structure: {S}ome mathematical models of evolution},
	journal = {Banach Center Publ.},
	volume = {80},
	year = {2008},
	pages = {121-144},
}

@article{ Etheridge12,
	author = {A. M. Etheridge and A. V\'{e}ber},
	title = {The spatial {$\Lambda$-Fleming-Viot} process on a large torus: {G}enealogies in the presence of recombination},
	journal = {Ann. Appl. Probab.},
	volume = {22},
	number = {6},
	year = {2012},
	pages = {2165-2209},
}

@article{ Etheridge14a,
	author = {A. M. Etheridge and A. V\'{e}ber and F. Yu},
	title = {Rescaling limits of the spatial {Lambda-Fleming-Viot} process with selection},
	journal = {Preprint},
	volume = {arXiv:1406.5884 [math.PR]},
	year = {2014},
}

@book{ Sato99,
	Title = {L\'evy processes and infinitely divisible distributions},
	Author = {Sato, K.-I.},
	Year = {1999},
	Publisher = {Cambridge University Press}
}

@article{ Gugushvili15,
	title = {Nonparametric {Bayesian} inference for multidimensional compound {Poisson} processes},
	journal = {Mod. Stoch. Theory Appl.},
	volume = {2},
	number = {1},
	pages = {1-15},
	year = {2015},
	author = {Gugushvili, S. and van der Meulen, F. and Spreij, P.},
}

@article{ Nguyen13,
	title = {Convergence of latent mixing measures in finite and infinite mixture models},
	journal = {Ann. Stat.},
	volume = {41},
	number = {1},
	pages = {370-400},
	year = {2013},
	author = {Nguyen, X.},
}

@article{ Nickl15,
	title = {Nonparametric {Bayesian} posterior contraction rates for discretely observed scalar diffusions},
	journal = {Preprint},
	volume = {arXiv:1510.05526},
	year = {2015},
	author = {Nickl, R. and S\"ohl, J.},
}

@article{ Etheridge14b,
	author = {A. M. Etheridge and T. G. Kurtz},
	title = {Genealogical construction of population models},
	journal = {Preprint},
	volume = {arXiv:1402.6724 [math.PR]},
	year = {2014},
}

@article{ Etheridge10,
	author = {Etheridge, A. M. and Griffiths, R. C. and Taylor, J. E.},
	title = {A coalescent dual process in a Moran model with genic selection, and the {Lambda} coalescent limit},
	journal = {Theor. Popln Biol.},
	volume = {78},
	number = {2},
	year = {2010},
	pages = {77-92},
}

@article{ Veber15,
	author = {A. V\'{e}ber and A. Wakolbinger},
	title = {The spatial {Lambda-Fleming-Viot} process: an event-based construction and a lookdown representation},
	journal = {Ann. Inst. H. Poincaré Probab. Statist.},
	volume = {51},
	number = {2},
	pages = {570-598},
	year = {2015}
}

@article{ Evans97,
	Author = {Evans, S.},
	Journal = {Annales les de l'I.H.P. Probabilites et Statistiques},
	Number = {3},
	Pages = {339-358},
	Title = {Coalescing {M}arkov labelled partitions and a continuous sites genetics model with infinitely many types},
	Volume = {33},
	Year = {1997}
}

@article{ Cannings74,
	Author = {Cannings, C.},
	Journal = {Adv. Appl. Prob.},
	Volume = {6},
	Pages = {260-290},
	Title = {The latent roots of certain {Markov} chains arising in genetics: a new approach, {I. Haploid} models},
	Year = {1974}
}

@article{ Cannings75,
	Author = {Cannings, C.},
	Journal = {Adv. Appl. Prob.},
	Volume = {7},
	Pages = {264-282},
	Title = {The latent roots of certain {Markov} chains arising in genetics: a new approach, {II. Further} haploid models},
	Year = {1975}
}

@article{ Moehle03,
	title = {Coalescent patterns in exchangeable diploid population models},
	journal = {J. Math. Biol.},
	volume = {47},
	pages = {337-352},
	year = {2003},
	author = {M\"ohle, M. and Sagitov, S.}
}

@article{ Birkner13,
	title = {An ancestral recombination graph for diploid populations with skewed offspring distribution},
	journal = {Genetics},
	volume = {193},
	number = {1},
	pages = {255-290},
	year = {2013},
	author = {Birkner, M. and Blath, J. and Eldon, B.}
}

@article{ Birkner09a,
	Author = {M. Birkner and J. Blath and M. M\"{o}hle and M. Steinr\"{u}cken and J. Tams},
	Journal = {Alea},
	Volume = {6},
	Pages = {25-61},
	Title =	 {A modified lookdown construction for the {$\Xi$-Fleming-Viot} process with mutation and populations with recurrent bottlenecks},
	Year = {2009},
}

@article{ Krone97,
	title = {Ancestral processes with selection},
	journal = {Theor. Popln Biol.},
	volume = {51},
	number = {3},
	pages = {210-237},
	year = {1997},
	author = {S. M. Krone and C. Neuhauser}
}

@article{ Wright43,
	author = {S. Wright}, 
	title = {Isolation by distance},
	volume = {28}, 
	number = {2}, 
	pages = {114-138}, 
	year = {1943}, 
	journal = {Genetics} 
}

@article{ Malecot48,
	author = {G. Mal\'{e}cot}, 
	title = {Les math\'{e}matiques de l'h\'{e}r\'{e}dit\'{e}},
	year = {1948}, 
	journal = {Masson et Cie},
	address= {Paris} 
}

@article{ Wright31,
	author = {S. Wright}, 
	title = {Evolution in {M}endelian populations},
	volume = {16}, 
	number = {2}, 
	pages = {97-159}, 
	year = {1931}, 
	journal = {Genetics} 
}

@article{ Kimura53,
	author = {M. Kimura}, 
	title = {``{S}tepping stone" model of population},
	volume = {3}, 
	pages = {62-63}, 
	year = {1953}, 
	journal = {Ann. Rep. Nat. Inst. Genetics Japan} 
}

@article{ Felsenstein75,
	Author = {J. Felsenstein},
	Journal = {The American Naturalist},
	Number = {967},
	Pages = {359 - 368},
	Title = {A pain in the torus: some difficulties with models of isolation by distance},
	Volume = {109},
	Year = {1975},
}

@article{ Fisher22,
	Author = {R. A. Fisher},
	Journal = {Proc. Roy. Soc. Edin.},
	Number = {42},
	Pages = {321-431},
	Title = {On the dominance ratio},
	Year = {1922},
}

@article{ Moran58,
	Author = {P. A. P. Moran},
	Journal = {Proc. Camb. Phil. Soc.},
	Number = {54},
	Pages = {60-71},
	Title = {Random processes in genetics},
	Year = {1958},
}

@article{ Tavare97,
	Author = {S. Tavar\'{e} and D. J. Balding and R. C. Griffiths and P. Donnelly},
	Journal = {Genetics},
	Volume = {145},
	Pages = {505-518},
	Title = {Inferring coalescence times from {DNA} sequence data},
	Year = {1997},
}

@article{ Beaumont02,
	Author = {M. A. Beaumont and W. Zhang and D.J. Balding},
	Journal = {Genetics},
	Volume = {162},
	Pages = {2025-2035},
	Title = {Approximate {B}ayesian computation in population genetics},
	Year = {2002},
}

@article{ Kuhner00,
	Author = {M. K. Kuhner and J. Yamamoto and J. Felsenstein},
	Journal = {Genetics},
	Number = {156},
	Pages = {1393-1401},	
	Title = {Maximum likelihood estimation of recombination rates from population data},
	Year = {2000},
}

@article{ Kuhner95,
	Author = {M. K. Kuhner and J. Yamamoto and J. Felsenstein},
	Journal = {Genetics},
	Volume = {140},
	Pages = {1421-1430},	
	Title = {Estimating effective population size and mutation rate from sequence data using {Metropolis-Hastings} sampling},
	Year = {1995},
}

@article{ Wilson03,
	Author = {I. J. Wilson and M. E. Weale and D. J. Balding},
	Journal = {Journal of the Royal Statistical Society: Series A},
	Volume = {166},
	Number = {2},
	Pages = {155--201},
	Title = {Inferences from {DNA} data: population histories, evolutionary processes and forensic match probabilities},
	Year = {2003},
}

@article{ Wilson98,
	Author = {I. J. Wilson and D. J. Balding},
	Journal = {Genetics},
	Volume = {150},
	Pages = {499-510},
	Title = {Genealogical inference from microsatellite data},
	Year = {1998},
}

@article{ Nielsen00,
	Author = {R. Nielsen},
	Journal = {Genetics},
	Volume = {154},
	Pages = {931-942},
	Title = {Estimation of population parameters and recombination rates from single nucleotide polymorphisms},
	Year = {2000},
}

@article{ Hey04,
	Author = {J. Hey and R. Nielsen},
	Journal = {Genetics},
	Volume = {167},
	Pages = {747--760},
	Title = {Multilocus methods for estimating population sizes, migration rates and divergence time, with applications to the divergence of {D}rosophilia pseudoobscura and {D}. persimilis},
	Year = {2004},
}

@article{ Wang08,
	Author = {Y. Wang and B. Rannala},
	Journal = {Philosophical Transactions of the Royal Society B},
	Volume = {363},
	Pages = {3921--3930},
	Title = {Bayesian inference of fine-scale recombination rates using population genomic data},
	Year = {2008},
}

@article{ Koskela15,
	Author = {J. Koskela and P. A. Jenkins and D. Span\`{o}},
	Journal = {to appear in J. Appl. Probab.},
	Volume = {52},
	Number = {2},
	Title = {Computational inference beyond {Kingman's} coalescent},
	Year = {2015},
}

@article{ Koskela19,
	Author = {J. Koskela and P.~A. Jenkins and A.~M. Johansen and D. Span\`{o}},
	Journal = {To appear in Ann.~Stat.},
	Title = {Asymptotic genealogies of interacting particle systems with an application to sequential {Monte Carlo}},
	Year = {2019},
}

@article{ Sisson07,
	Author = { S. Sisson and Y. Fan and M. M. Tanaka },
	Journal = {Proc. Natl. Acad. Sci. USA},
	Volume = {104},
	Pages = {1760--1765},
	Title = {Sequential {M}onte {C}arlo without likelihoods},
	Year = {2007},
}

@article{ Marjoram03,
	Author = { P. Marjoram and J. Molitor and V. Plaganol and S. Tavar\'{e} },
	Journal = {Proc. Natl. Acad. Sci. USA},
	Volume = {100},
	Pages = {15324--15328},
	Title = {Markov chain {M}onte {C}arlo without likelihoods},
	Year = {2003},
}

@article{ Beaumont09,
	Author = { M. A. Beaumont and J.--M. Cornuet and J.--M. Marin and C. P. Robert },
	Journal = {Biometrika},
	Volume = {96},
	Number = {4},
	Pages = {983--990},
	Title = {Adaptive approximate {Bayesian} computation},
	Year = {2009},
}

@article{ Beaumont10,
	Author = { M. A. Beaumont },
	Journal = {Annu. Rev. Ecol. Evol. Syst.},
	Volume = {41},
	Pages = {379--406},
	Title = {Approximate {Bayesian} computation in evolution and ecology},
	Year = {2010},
}

@article{ Douc07,
	Author = { R. Douc and A. Guillin and J.--M. Marin and C. P. Robert },
	Journal = {Ann. Statist.},
	Volume = {35},
	Pages = {420--448},
	Title = {Convergence of adaptive mixtures of importance sampling schemes},
	Year = {2007},
}

@article{ Pritchard99,
	Author = { J. K. Pritchard and M. T. Seielstad and A. Perez--Lezaun and M. W. Feldman },
	Journal = {Molec. Biol. Evol.},
	Volume = {16},
	Pages = {1791--1798},
	Title = {Population growth of human {Y} chromosomes: a study of {Y} chromosome microsatellites},
	Year = {1999},
}

@article{ Ratmann14,
	Author = { O. Ratmann and A. Camacho and A. Meijer and G. Donker },
	Journal = {Preprint, arXiv:1305.4283 [stat.ME]},
	Title = {Statistical modelling of summary values leads to accurate {Approximate Bayesian Computations}},
	Year = {2014},
}

@article{ Kelleher13,
	Author = { J. Kelleher and N. H. Barton and A. M. Etheridge },
	Journal = {Bioinformatics},
	Volume = {29},
	Number = {7},
	Pages = {955--956},
	Title = {Coalescent simulation in continuous space},
	Year = {2013},
}

@article{ Kelleher14,
	Author = { J. Kelleher and A. M. Etheridge and N. H. Barton },
	Journal = {Theor. Popln Biol.},
	Volume = {95},
	Pages = {13--23},
	Title = {Coalescent simulation in continuous space: algorithms for large neighbourhood size },
	Year = {2014},
}

@article{ Gurland48,
	Author = { J. Gurland },
	Journal = {Ann. Math. Statist.},
	Volume = {19},
	Pages = {228--237},
	Title = {Inversion formulae for the distribution of ratios},
	Year = {1948},
}

@article{ Hannum81,
	Author = { R. C. Hannum and M. Hollander and N. A. Langberg },
	Journal = {Ann. Probab.},
	Volume = {9},
	Pages = {665--670},
	Title = {Distributional results for random functionals of a Dirichlet process},
	Year = {1981},
}

@article{ Regazzini02,
	Author = { E. Regazzini and A. Guglielmi and G. Di Nunno },
	Journal = {Ann. Stat.},
	Volume = {30},
	Number = {5},
	Pages = {1376--1411},
	Title = {Theory and numerical analysis for exact distributions of functionals of a Dirichlet process},
	Year = {2002},
}

@article{ Winkler88,
	Author = { G. Winkler },
	Journal = {Math. Oper. Res.},
	Volume = {30},
	Number = {4},
	Pages = {581--587},
	Title = {Extreme points of moment sets},
	Year = {1988},
}

@article{ Beaumont03,
	Author = { M. A. Beaumont },
	Journal = {Genetics},
	Volume = {164},
	Pages = {1139--1160},
	Title = {Estimation of population growth or decline in genetically monitored populations},
	Year = {2003},
}

@article{ Andrieu09,
	Author = { C. Andrieu and G. O. Roberts },
	Journal = {Ann. Stat.},
	Volume = {37},
	Number = {2},
	Pages = {697--725},
	Title = {The pseudo-marginal approach for efficient {Monte Carlo} computations},
	Year = {2009},
}

@article{ Sherlock14,
	Author = { C. Sherlock and A. H. Thiery and G. O. Roberts and J. S. Rosenthal },
	Journal = {Preprint},
	Volume = {arXiv:1309.7209 [stat.CO]},
	Title = {On the efficiency of pseudo-marginal random walk {Metropolis} algorithms},
	Year = {2014},
}

@book{ Rubino09,
	Author = { Rubino, G. and Tuffin, B. },
	Title = {Rare event simulation using {Monte Carlo} methods},
	Year = {2009},
	Publisher = {Wiley}
}

@article{ Cerou14,
	Author = { C\'erou, F. and {Del Moral}, P. and Guyader, A. and Malrieu, F. },
	Journal = {Preprint},
	Volume = {arXiv:1408.6366 [math.ST]},
	Title = {Fluctuations analysis of adaptive multilevel splitting},
	Year = {2014},
}

@article{ Cerou11,
	Author = { C\'erou, F. and {Del Moral}, P. and Guyader, A. },
	Journal = {Ann. Inst. Henri Poincar\'e Probab. Stat.},
	Volume = {47},
	Title = {A non-asymptotic variance theorem for unnormalized {Feynman}-{Kac} particle models},
	Pages = {629-649},
	Year = {2011},
}

@article{ Cerou12,
	Author = { C\'erou, F. and {Del Moral}, P. and Furon, T. and Guyader, A. },
	Journal = {Stat. Comput.},
	Volume = {22},
	Title = {Sequential {Monte Carlo} for rare event estimation},
	Pages = {795--808},
	Year = {2012},
}

@article{ Glasserman97,
	Author = { Glasserman, P.  and Wang, Y. },
	Journal = {Ann. Appl. Probab.},
	Volume = {7},
	Number = {3},
	Pages = {731--746},
	Title = {Counterexamples in importance sampling for large deviations probabilities},
	Year = {1997},
}

@article{ Glasserman99,
	Author = {Glasserman, P. and Heidelberg, P. and Shahabuddin, P. and Zajic, T.},
	Journal = {Oper. Res.},
	Volume = {47},
	Pages = {585--600},
	Title = {Multi-level splitting for estimating rare event probabilities},
	Year = {1999},
}

@article{ Frater89,
	Author = {Frater, M. R. and Kennedy, R. A. and Anderson, B. D. O.},
	Journal = {Syst. Control Lett.},
	Volume = {12},
	Pages = {351--356},
	Title = {Reverse-time modelling, optimal control and large deviations},
	Year = {1989},
}

@article{ Frater90,
	Author = {Frater, M. R. and Bitmean, R. R. and Kennedy, R. A. and Anderson, B. D. O. },
	Journal = {Comput. Networks ISDN},
	Volume = {20},
	Pages = {315--321},
	Title = {Fast simulation of rare events using reverse-time models},
	Year = {1990},
}

@article{ Anantharam90,
	Author = {Anantharam, V.  and Heidelberg, P. and Tsoucas, P. },
	Journal = {IBM Research Report},
	Volume = {\#RC 16280},
	Title = {Analysis of rare events in continuous time {Markov} chains via time reversal and fluid approximation},
	Year = {1990},
}

@article{ Shwartz93,
	Author = {Shwartz, A. and Weiss, A.},
	Journal = {Adv. Appl. Probab.},
	Volume = {25},
	Number = {3},
	Title = {Induced rare events: analysis via large deviations and time reversal},
	Year = {1993},
}

@article{ Jarzynski06,
	Author = {Jarzynski, C.},
	Journal = {Phys. Rev. E},
	Volume = {73},
	Title = {Rare events and the convergence of exponentially averaged work values},
	Year = {2006},
}

@book{ Rogers94,
	Author = {Rogers, L. C. G and Williams, D.},
	Title = {Diffusions, {Markov} processes and martingales},
	Volume = {1},
	Edition = {2},
	Year = {1994},
	Publisher = {Wiley}
}

@article{ Li03,
	title = {Modeling linkage disequilibrium and identifying recombination hotspots using single-nucleotide polymorphism data},
	journal = {Genetics},
	volume = {165},
	pages = {2213-2233},
	year = {2003},
	author = {Li, N. and Stephens, M.},
}

@article{ Johansen06,
	title = {Sequential {Monte Carlo} samplers for rare events},
	journal = {Proceedings of the 6th international workshop on rare event simulation},
	pages = {256--267},
	year = {2006},
	author = {Johansen, A. M.  and {Del Moral}, P. and Doucet, A.},
}

@article{ Andrieu10,
	title = {Particle {Markov} chain {Monte Carlo} methods},
	journal = {J. R. Statist. Soc. B},
	volume = {72},
	number = {3},
	pages = {269--342},
	year = {2010},
	author = {Andrieu, C. and Doucet, A. and Holenstein, R.},
}

@article{ Jasra14,
	title = {Bayesian parameter inference for partially observed stopped processes},
	journal = {Stat Comput},
	volume = {24},
	pages = {1--20},
	year = {2014},
	author = {Jasra, A. and Kantas, N. and Persing, A.},
}

@article{ Casella08,
	title = {Exact {Monte Carlo} simulation of killed diffusions},
	journal = {Adv. Appl. Probab.},
	volume = {40},
	pages = {273--291},
	year = {2008},
	author = {Casella, B. and Roberts, G. O.},
}

@article{ Bibbona13,
	title = {Estimation in discretely observed {Markov} processes killed at a threshold},
	journal = {Scand. J. Stat.},
	volume = {40},
	pages = {274--293},
	year = {2013},
	author = {Bibbona, E. and Ditlevsen, S.},
}

@article{ DelMoral05,
	title = {Genealogical particle analysis of rare events},
	journal = {Ann. Appl. Probab.},
	volume = {15},
	pages = {2496--2534},
	year = {2005},
	author = {{Del Moral}, P. and Garnier, J.},
}

@article{ Sadowsky90,
	title = {On large deviation theory and asymptotically efficient {Monte Carlo} estimation},
	journal = {IEEE Trans. Inf. Theory},
	volume = {36},
	pages = {579--588},
	year = {1990},
	author = {Sadowsky, J. S. and Bucklew, J. A.},
}

@article{ Merton76,
	Author = { Merton, R. C. },
	Journal = {J. Financ. Econ.},
	Volume = {3},
	Pages = {125-144},
	Title = {Option pricing when underlying stock returns are discontinuous},
	Year = {1976},
}

@article{ Aase87,
	Author = { Aase, K. K. and Guttorp, P. },
	Journal = {Scand. Actuarial J.},
	Pages = {211-224},
	Title = {Estimation in models for security prices},
	Year = {1987},
}

@article{ Bardhan93,
	Author = { Bardhan, I. and Chao, X. },
	Journal = { Stoch. Proc. Appl. },
	Volume = {48},
	Number = {1},
	Pages = {123-137},
	Title = {Pricing options on securities with discontinuous returns},
	Year = {1993},
}

@article{ Filipovic07,
	Author = { Filipovi\'c, D. and Cheridito, P. and Kimmel, R. L. },
	Journal = { J. Financ. Econ. },
	Volume = {83},
	Number = {1},
	Pages = {123-170},
	Title = {Market price of risk specifications for affine models: theory and evidence},
	Year = {2007},
}

@article{ Chen05b,
	Author = { Chen, L. and Filipovi\'c, D. },
	Journal = { Finance Stochast. },
	Volume = {9},
	Pages = {211-231},
	Title = {A simple model for credit migration and spread curves},
	Year = {2005},
}

@article{ Kallianpur92,
	Author = { Kallianpur, G. },
	Journal = { Math. Biosc. },
	Volume = {112},
	Pages = {207-224},
	Title = {Differential-equations models for spatially distributed neurons and propagation of chaos for interacting systems},
	Year = {1992},
}

@article{ Kallianpur94,
	Author = { Kallianpur, G. and Xiong, J. },
	Journal = { Appl. Math. Opt. },
	Volume = {30},
	Pages = {175-201},
	Title = {Asymptotic behaviour of a system of interacting nuclear-space-valued stochastic differential equations driven by {Poisson} random measures},
	Year = {1994},
}

@article{ Au82,
	author = { Au, S. P. and Haddad, A. H. and Poor, V. H. }, 
	title = {A state estimation algorithm for linear systems driven simultaneously by {Weiner} and {Poisson} processes},
	volume = {Ac-27}, 
	number = {3}, 
	pages = {617-626}, 
	year = {1982}, 
	journal = {IEEE Trans. Aut. Control} 
}

@article{ Bodo87,
	author = { Bodo, B. A. and Thompson, M. E. and Unny, T. E. }, 
	title = {A review of stochastic differential equations for applications in hydrology},
	volume = {2}, 
	pages = {81-100}, 
	year = {1987}, 
	journal = {Stoch. Hydrol. Hydraul.} 
}

@article{ Spence15,
	title = {The site frequency spectrum for general coalescents},
	journal = {Preprint},
	volume = {arXiv:1510.05631},
	year = {2015},
	author = {Spence, J. P. and Kamm, J. A. and Song, Y. S.},
}

@article{ Owhadi15,
	title = {Brittleness of {Bayesian} inference under finite information in a continuous world},
	journal = {Electron. J. Statist.},
	volume = {9},
	number = {1},
	pages = {1-79},
	year = {2015},
	author = {Owhadi, H. and Scovel, C. and Sullivan, T.},
}

@article{ Sethuraman94,
	title = {A constructive definition of {Dirichlet} priors},
	journal = {Stat. Sinica},
	volume = {4},
	pages = {639-650},
	year = {1994},
	author = {Sethuraman, J.},
}

@article{ Neher13,
	title = {Genealogies of rapidly adapting populations},
	journal = {Proc. Natl Acad. Sci.},
	volume = {110},
	number = {2},
	pages = {437-442},
	year = {2013},
	author = {Neher, R. A. and Hallatschek, O.}
}

@article{ Doucet15,
	title = {Efficient implementation of {Markov} chain {Monte Carlo} when using an unbiased likelihood estimator},
	journal = {Biometrika},
	volume = {102},
	number = {2},
	pages = {295-313},
	year = {2015},
	author = {Doucet, A. and Pitt, M. and Deligiannidis, G. and Kohn, R.},
}

@article{ Christen05,
	title = {Markov chain {Monte Carlo} using an approximation},
	journal = {J. Comput. Graph. Stat.},
	volume = {14},
	number = {4},
	pages = {795-810},
	year = {2005},
	author = {Christen, J. A. and Fox, C.},
}

@book{ Evans10,
	Author = { Evans, L. C. },
	Title = {Partial differential equations},
	Year = {2010},
	Series = {Graduate studies in mathematics},
	Publisher = {American Mathematical Society}
}

@article{ Ishwaran01,
	title = {Gibbs sampling methods for stick-breaking priors},
	journal = {J. Amer. Statist. Assoc.},
	volume = {96},
	number = {453},
	pages = {161-173},
	year = {2001},
	author = {Ishwaran, H. and James, L. F.},
}

@incollection{Ghosal97,
	title = {Non-informative priors via sieves and packing numbers},
	editor = {Panchapakesan, S. and Balakrishnan, N.},
	booktitle = {Advances in statistical decision theory and applications},
	year = {1997},
	publisher = {Birkh\"auser},
	author = {Ghosal, S. and Ghosh, J. K. and Ramamoorthi, R. V.},
}

@article{ Walker04,
	title = {New approaches to {Bayesian} consistency},
	journal = {Ann. Statist.},
	volume = {32},
	pages = {2028-2043},
	year = {2004},
	author = {Walker, S.}
}

@article{ Doob49,
	title = {Application of the theory of martingales},
	journal = {Colloq. Intern. du C.N.R.S. (Paris)},
	volume = {13},
	pages = {23-27},
	year = {1949},
	author = {Doob, J.}
}


@article{ Lijoi04,
	title = {Extending {Doob's} consistency theorem to nonparametric densities},
	journal = {Bernoulli},
	volume = {10},
	number = {4},
	pages = {651-663},
	year = {2004},
	author = {Lijoi, A. and Pr\"unster, I. and Walker, S. G.}
}

@article{ Panzar09,
	Author = { Panzar, L. and van Zanten, H. },
	Journal = {J. Statist. Plann. Inference},
	Volume = {139},
	Pages = {4193-4199},
	Title = {Nonparametric {Bayesian} inference for ergodic diffusions},
	Year = {2009}
}

@article{ Pokern13,
	Author = { Pokern, Y. and Stuart, A. M. and van Zanten, H. },
	Journal = {Stochastic Process. Appl.},
	Volume = {123},
	Pages = {603-628},
	Title = {Posterior consistency via precision operators for nonparametric drift estimation in {SDEs}},
	Year = {2013}
}

@article{ Casella11,
	Author = {Casella, B. and Roberts, G. O.},
	Journal = {Methodol. Comput. Appl. Probab.},
	Volume = {13},
	Pages = {449-473},
	Title = {Exact simulation of jump-diffusion processes with {Monte Carlo} applications},
	Year = {2011}
}

@phdthesis{ Goncalves11,
	Author = {Gon\c{c}alves, F. B.},
	Title = {Exact simulation and {Monte Carlo} inference for jump-diffusion processes},
	Year = {2011},
	School = {University of Warwick}
}

@article{ Goncalves13,
	Author = {Gon\c{c}alves, F. B. and Roberts, G. O.},
	Journal = {Methodol. Comput. Appl. Probab.},
	Volume = {16},
	Number = {4},
	Pages = {907-930},
	Title = {Exact simulation problems for jump-diffusions},
	Year = {2013},
}

@article{ Varin11,
	Author = {Varin, C. and Reid, N. and Firth, D.},
	Journal = {Stat. Sinica},
	Volume = {21},
	Pages = {5-42},
	Title = {An overview of composite likelihood methods},
	Year = {2011},
}

@article{ Pollock15a,
	Author = {Pollock, M. and Johansen, A. M. and Roberts, G. O.},
	Journal = {Bernoulli},
	Volume = {To appear},
	Title = {On the exact and $\varepsilon$-strong simulation of (jump) diffusions},
	Year = {2015},
}

@article{ Pollock15b,
	Author = {Pollock, M.},
	Journal = {Submitted},
	volume = {arXiv:1505.03030},
	Title = {On the exact simulation of (jump) diffusion bridges},
	Year = {2015},
}

@article{ Pollock15c,
	Author = {Pollock, M. and Johansen, A. M. and Roberts, G. O.},
	Journal = {In preparation},
	Title = {Particle filtering for partially observed jump diffusions},
	Year = {2015},
}

@article{ Papaspiliopoulos08,
	Author = {Papaspiliopoulos, O. and Roberts, G. O.},
	Journal = {Biometrika},
	Volume = {95},
	Number = {1},
	Pages = {169-186},
	Title = {Retrospective {Markov} chain {Monte Carlo} methods for {Dirichlet} process hierarchical models},
	Year = {2008},
}

@article{ Papaspiliopoulos12,
	Author = {Papaspiliopoulos, O. and Pokern, Y. and Roberts, G. O. and Stuart, A. M.},
	Journal = {Biometrika},
	Volume = {99},
	Pages = {511-531},
	Title = {Nonparametric estimation of diffusions: a differential equations approach},
	Year = {2012},
}

@article{ vanderMeulen14,
	Author = {van der Meulen, F. and Schauer, M. and van Zanten, H.},
	Journal = {Comput. Stat. Data An.},
	Volume = {71},
	Pages = {615-632},
	Title = {Reversible jump {MCMC} for non-parametric drift estimation for diffusion processes},
	Year = {2014},
}

@article{ vanZanten13,
	Author = {van Zanten, H.},
	Journal = {Math. Biosci.},
	Volume = {243},
	Number = {2},
	Pages = {215-222},
	Title = {Nonparametric {Bayesian} methods for one-dimensional diffusion models},
	Year = {2013},
}

@article{ Ghosal00,
	title = {Convergence rates of posterior distributions},
	journal = {Ann. Statist.},
	volume = {28},
	number = {2},
	pages = {500-531},
	year = {2000},
	author = {Ghosal, S. and Ghosh, J. K. and van der Vaart, A. W.}
}

@article{ Ghosal07,
	title = {Convergence rates of posterior distributions for non-i.i.d~observations},
	journal = {Ann. Statist.},
	volume = {35},
	pages = {192-223},
	year = {2007},
	author = {Ghosal, S. and van der Vaart, A. W.}
}

@article{ vanderMeulen06,
	Author = { van der Meulen, F. and van der Vaart, A. W. and van Zanten, H. },
	Journal = {Bernoulli},
	Volume = {12},
	Number = {5},
	Pages = {863-888},
	Title = {Convergence rates of posterior distributions for {Brownian} semimartingale models},
	Year = {2006},
}

@article{ Ait-Sahalia08,
	Author = {A\"it-Sahalia, Y.},
	Journal = {Ann. Stat.},
	Volume = {36},
	Number = {2},
	Pages = {906-937},
	Title = {Closed-form likelihood expansions for multivariate diffusions},
	Year = {2008},
}

@article{ Lijoi05,
	title = {On consistency of nonparametric {Normal} mixtures for {Bayesian} density estimation},
	journal = {J. Am. Statist. Assoc.},
	volume = {100},
	number = {472},
	pages = {1292-1296},
	year = {2005},
	author = {Lijoi, A. and Pr\"unster, I. and Walker, S. G.}
}

@article{ Wu10,
	title = {The ${L}^1$-consistency of {Dirichlet} mixtures in multivariate {Bayesian} density estimation},
	journal = {J. Multivar. Anal.},
	volume = {101},
	number = {10},
	pages = {2411-2419},
	year = {2010},
	author = {Wu, Y. and Ghosal, S.}
}

@article{ Canale13,
	title = {Posterior consistency of nonparametric location-scale mixtures for multivariate density estimation},
	journal = {Preprint},
	volume = {arXiv:1306.2671},
	year = {2013},
	author = {Canale, A. and De Blasi, P.}
}

@Article{Lo84,
	author = {Lo, A. Y.},
	title = {On a class of {Bayesian} nonparametric estimates. 1. density estimates},
	journal = {Ann. Statist.},
	year = {1984},
	volume = {12},
	pages = {351-357}
}

@article{ Ghosal07b,
	title = {Posterior consistency of {Gaussian} process prior for nonparametric binary regression},
	journal = {Ann. Statist.},
	volume = {34},
	number = {5},
	pages = {2413-2429},
	year = {2007},
	author = {Ghosal, S. and Roy, A.}
}

@incollection{Dashti16,
	title = {The {Bayesian} approach to inverse problems},
	editor = {Ghanem, R. and Higdon, D. and Owhadi, H.},
	booktitle = {Handbook of Uncertainty Quantification},
	year = {2016},
	publisher = {Springer},
	author = {Dashti, M. and Stuart, A. M.},
}

@article{ Todkar07,
	title = {Posterior consistency of logistic {Gaussian} process priors in density estimation},
	journal = {J. Stat. Plan. Inference},
	volume = {137},
	number = {1},
	pages = {34-42},
	year = {2007},
	author = {Todkar, S. T. and Ghosh, J. K.}
}

@Article{Yu07,
	author = {Yu, J.},
	title = {Closed-form likelihood approximation and estimation of jump-diffusions with an application to the realignment risk of the {Chinese Yuan}},
	journal = {J. Econometrics},
	year = {2007},
	volume = {141},
	pages = {1245-1280}
}

@book{ Dudley02,
	Author = { Dudley, R. M. },
	Title = {Real analysis and probability},
	Edition = {Revised reprint of the 1989 original},
	Year = {2002},
	Series = {Cambridge studies in advanced mathematics},
	Volume = {74},
	Publisher = {Cambridge University Press}
}


@Article{Gugushvili14,
	author = {Gugushvili, S. and Spreij, P.},
	title = {Non-parametric {Bayesian} drift estimation for stochastic differential equations},
	journal = {Lith. Math. J.},
	year = {2014},
	volume = {54},
	number = {2},
	pages = {127-141}
}

@book{ Kolokoltsov11,
	Author = { Kolokoltsov, V. N. },
	Title = {Markov processes, semigroups and generators},
	Year = {2011},
	Series = {Studies in mathematics},
	Publisher = {De Gruyter}
}

@article{ Schilling13,
	Author = {Schilling, R. L. and Wang, J.},
	Journal = {T. Am. Math. Soc.},
	Volume = {365},
	Number = {6},
	Pages = {3255-3286},
	Title = {Some theorems on {Feller} processes: transience, local times and ultracontractivity},
	Year = {2013},
}

@article{ Masuda07,
	Author = { Masuda, H. },
	Journal = {Stoch. Proc. Appl.},
	Volume = {117},
	Pages = {35-56},
	Title = {Ergodicity and exponential $\beta$-mixing bounds for multidimensional diffusions with jumps},
	Year = {2007}
}

@article{ Cui14,
	title = {Likelihood-informed dimension reduction for nonlinear inverse problems},
	journal = {Inverse Problems},
	volume = {30},
	number = {11},
	pages = {114015},
	year = {2014},
	author = {Cui, T. and Martin, J. and Marzouk, Y. M. and Solonen, A. and Spantini, A.},
}

@article{ Masuda09,
	Author = { Masuda, H. },
	Journal = {Stoch. Proc. Appl.},
	Volume = {119},
	Pages = {676-678},
	Title = {Erratum to ``{Ergodicity} and exponential $\beta$-mixing bounds for multidimensional diffusions with jumps"},
	Year = {2009}
}

@article{ Stramer97,
	Author = { Stramer, O. and Tweedie, R. L. },
	Journal = { Stat. Sinica },
	Volume = {7},
	Pages = {577-593},
	Title = {Existence and stability of weak solutions to stochastic differential equations with non-smooth coefficients},
	Year = {1997},
}

@phdthesis{ Fornaro04,
	Author = {Fornaro, S.},
	Title = {Regularity properties for second order partial differential operators with unbounded coefficients},
	Year = {2004},
	School = {Universit\`a del Salento}
}

@article{ Chen05,
	title = {Stopping-time resampling for sequential {Monte Carlo} methods},
	journal = {J. R. Stat. Soc. B},
	volume = {67},
	pages = {199--217},
	year = {2005},
	author = {Chen, Y. and Xie, J. and Liu, J. S.},
}

@article{ Blom07,
	title = {Probabilistic reachability analysis for large scale stochastic hybrid systems},
	journal = {In: Proc. 46th IEEE Conf. Dec. Contr., New Orleans, USA},
	year = {2007},
	author = {Blom, H. A. P. and Bakker, G. J. and Krystul, J.},
}

@article{ Lezaud10,
	title = {Sampling per mode simulation for switching diffusions},
	journal = {In: Proc. 8th Internk. Works. Rare--Event Simul., RESIM, Cambridge},
	year = {2010},
	author = {Lezaud, P. and Krystul, J. and Le Gland, F.},
}

@article{ Barndorff78,
	title = {Hyperbolic distributions and distributions on hyperbolae},
	journal = {Scand. J. Statist.},
	volume = {5},
	pages = {151--157},
	year = {1978},
	author = {Barndorff-Nielsen, O.},
}

@article{ Barndorff77,
	title = {Exponentially decreasing distributions for the logarithm of particle size},
	journal = {Proc. R. Soc. London A},
	volume = {353},
	pages = {401--419},
	year = {1977},
	author = {Barndorff-Nielsen, O.},
}

@article{ Dagpunar89,
	title = {An easily implemented generalised inverse Gaussian generator},
	journal = {Commun. Statist. -Simula.},
	volume = {18},
	number = {2},
	pages = {703--710},
	year = {1989},
	author = {Dagpunar, J. S.},
}

@incollection{ Bibby03,
	title = {Hyperbolic processes in finance},
	editor = {Rachev, S.},
	booktitle = {Handbook of heavy tailed distributions in finance},
	pages = {211--248},
	year = {2003},
	publisher = {Elsevier},
	address = {Amsterdam},
	author = {Bibby, B. M. and S{\o}rensen, M.},
}

@book{ Doucet01,
	Author = { Doucet, A. and De Freitas, J. F. G. and Gordon, N. J. },
	Title = {Sequential {Monte Carlo} methods in practice},
	Year = {2001},
	Publisher = {Springer, New York}
}

@book{ Liu01,
	Author = { Liu, J. S. },
	Title = {Monte {Carlo} strategies in scientific computing},
	Year = {2001},
	Publisher = {Springer, New York}
}

@book{ DelMoral04,
	Author = {{Del Moral}, P.},
	Title = {Feynman-Kac formulae: genealogical and interacting particle systems with applications},
	Year = {2004},
	Publisher = {Springer, New York}
}

@book{ Pitman06,
	Author = { Pitman, J. },
	Title = {Combinatorial stochastic processes. {Summer} school on probability theory held in {Saint-Flour}, {July} 7--24, 2002. Lecture Notes in Math.},
	Year = {2006},
	Volume = {1875},
	Publisher = {Springer, Berlin}
}

@InCollection{James08,
	author = {James, L. F. },
	title =	{Large sample asymptotics for the two-parameter {Poisson-Dirichlet} process},
	booktitle = {Institute of Mathematical Statistics Collections},
	volume = {3},
	pages = {187-199},
	year = {2008},
}

@Article{fea:2008,
	author = {P. Fearnhead},
	title =	{Computational methods for complex stochastic systems: a review of some alternatives to {MCMC}},
	journal = {Stat. Comput.},
	year = {2008},
	volume = {18},
	pages = {151--171}
}

@Article{Medina-Aguayo15,
	author = {Medina-Aguayo, F. and Lee, A. and Roberts, G. O.},
	title =	{Stability of noisy {Metropolis}-{Hastings}},
	journal = {Preprint},
	year = {2015},
	volume = {arxiv:1503.07066},
}


@Article{Lee10,
	author = {Lee, A. and Yau, C. and Giles, M. B. and Doucet, A. and Holmes, C. C.},
	title =	{On the utility of graphics cards to perform massively parallel simulation of advanced {Monte Carlo} methods},
	journal = {J. Comp. Graph. Stat.},
	year = {2010},
	volume = {19},
	number = {4},
	pages = {769--789}
}

@TechReport{Lee15,
  author = 	 {Lee, A. and Whiteley, N.},
  title = 	 {Variance estimation in the particle filter},
  institution =  {ArXiv},
  year = 	 {2015},
  OPTkey = 	 {},
  type =	 {Preprint},
  number =	 {1509.00394},
  OPTaddress = 	 {},
  OPTmonth = 	 {},
  OPTnote = 	 {},
  OPTannote = 	 {}
}

@article{ Meng96,
	title = {Simulating rations of normalizing constants via a simple identity: a theoretical exploration},
	journal = {Statist. Sinica},
	volume = {6},
	pages = {831-860},
	year = {1996},
	author = {Meng, X. L. and Wong, W. H.},
}

@article{ Bhattacharya12,
	title = {Strong consistency of nonparametric {Bayes} density estimation on compact metrix spaces with applications to specific manifolds},
	journal = {Ann. Inst. Stat. Math.},
	volume = {64},
	pages = {687-714},
	year = {2012},
	author = {Bhattacharya, A. and Dunson, D. B.},
}

@Article{GSS93,
  author =	 {N. J. Gordon and S. J. Salmond and A. F. M. Smith},
  title =	 {Novel approach to nonlinear/non-{Gaussian} {Bayesian} state
                  estimation },
  journal =	 {{IEE} Proceedings-F},
  year =	 1993,
  volume =	 140,
  number =	 2,
  pages =	 {107--113},
  month =	 {April}
}
