@string{JRSSB="Journal of the Royal Statistical Society. Series B, Statistical Methodology"}
@string{ProbTheoryRel="Probability Theory and Related Fields"}
@string{JMathBiol="Journal of Mathematical Biology"}
@string{JApplProb="Journal of Applied Probability"}
@string{TheorPopBiol="Theoretical Population Biology"}
@string{AnnStat="The Annals of Statistics"}
@string{ProcLMS="Proceedings of the London Mathematical Society"}
