@string{JRSSB="J R Stat Soc Series B Stat Methodol"}
@string{ProbTheoryRel="Prob. Theory and Related Fields"}
@string{JMathBiol="J. Math. Biol."}
@string{JApplProb="J. Appl. Prob."}
@string{TheorPopBiol="Theor. Popln. Biol."}
@string{AnnStat="Ann. Stat."}
@string{ProcLMS="P. Lond. Math. Soc."}