% pop gen & coalescent ------------

@article{mohle1998,
  title={Robustness results for the coalescent},
  author={M{\"o}hle, Martin},
  journal={Journal of applied probability},
  volume={35},
  number={2},
  pages={438--447},
  year={1998},
  publisher={Cambridge University Press}
}

@book{wakeley2009,
  title={Coalescent theory: an introduction},
  author={Wakeley, John},
  number={575: 519.2 WAK},
  year={2009}
}

@article{koskela2018,
  title={Asymptotic genealogies of interacting particle systems with an application to sequential Monte Carlo},
  author={Koskela, Jere and Jenkins, Paul A and Johansen, Adam M and Spano, Dario},
  journal={arXiv preprint arXiv:1804.01811},
  year={2018}
}

@article{kingman1982gene,
  title={On the genealogy of large populations},
  author={Kingman, John},
  journal={Journal of Applied Probability},
  volume={19},
  number={A},
  pages={27--43},
  year={1982},
  publisher={Cambridge University Press}
}

@article{kingman1982coal,
  title={The coalescent},
  author={Kingman, John},
  journal={Stochastic processes and their applications},
  volume={13},
  number={3},
  pages={235--248},
  year={1982},
  publisher={Elsevier}
}

@inproceedings{kingman1982exch,
  title={Exchangeability and the evolution of large populations},
  author={Kingman, John},
  booktitle={Proceedings of the International Conference on Exchangeability in Probability and Statistics, Rome, 6th-9th April, 1981, in Honour of Professor Bruno de Finetti},
  year={1982},
  publisher={North-Holland, Amsterdam}
}


% SMC background refs -----------

@incollection{doucet2001,
  title={An introduction to sequential Monte Carlo methods},
  author={Doucet, Arnaud and De Freitas, Nando and Gordon, Neil},
  booktitle={Sequential Monte Carlo methods in practice},
  pages={3--14},
  year={2001},
  publisher={Springer}
}

@article{delmoral2006,
  title={Sequential monte carlo samplers},
  author={Del Moral, Pierre and Doucet, Arnaud and Jasra, Ajay},
  journal={Journal of the Royal Statistical Society: Series B (Statistical Methodology)},
  volume={68},
  number={3},
  pages={411--436},
  year={2006},
  publisher={Wiley Online Library}
}

@article{doucet2009,
  title={A tutorial on particle filtering and smoothing: Fifteen years later},
  author={Doucet, Arnaud and Johansen, Adam M},
  journal={Handbook of nonlinear filtering},
  volume={12},
  number={656-704},
  pages={3},
  year={2009}
}

@article{andrieu2010,
  title={Particle markov chain monte carlo methods},
  author={Andrieu, Christophe and Doucet, Arnaud and Holenstein, Roman},
  journal={Journal of the Royal Statistical Society: Series B (Statistical Methodology)},
  volume={72},
  number={3},
  pages={269--342},
  year={2010},
  publisher={Wiley Online Library}
}

% resampling schemes -------------

@inproceedings{baker1987reducing,
  title={Reducing bias and inefficiency in the selection algorithm},
  author={Baker, James E},
  booktitle={Proceedings of the second international conference on genetic algorithms},
  volume={206},
  pages={14--21},
  year={1987}
}

@inproceedings{douc2005,
  title={Comparison of resampling schemes for particle filtering},
  author={Douc, Randal and Capp{\'e}, Olivier},
  booktitle={Image and Signal Processing and Analysis, 2005. ISPA 2005. Proceedings of the 4th International Symposium on},
  pages={64--69},
  year={2005},
  organization={IEEE}
}

% unsorted -----------------

@book{efron1994,
  title={An introduction to the bootstrap},
  author={Efron, Bradley and Tibshirani, Robert J},
  year={1994},
  publisher={CRC press}
}

@article{liu1998,
  title={Sequential Monte Carlo methods for dynamic systems},
  author={Liu, Jun S and Chen, Rong},
  journal={Journal of the American statistical association},
  volume={93},
  number={443},
  pages={1032--1044},
  year={1998},
  publisher={Taylor \& Francis Group}
}

@article{kitagawa1996,
  title={Monte Carlo filter and smoother for non-Gaussian nonlinear state space models},
  author={Kitagawa, Genshiro},
  journal={Journal of computational and graphical statistics},
  volume={5},
  number={1},
  pages={1--25},
  year={1996},
  publisher={Taylor \& Francis}
}

@article{carpenter1999,
  title={Improved particle filter for nonlinear problems},
  author={Carpenter, James and Clifford, Peter and Fearnhead, Paul},
  journal={IEE Proceedings-Radar, Sonar and Navigation},
  volume={146},
  number={1},
  pages={2--7},
  year={1999},
  publisher={IET}
}

@article{mosimann1962,
  title={On the compound multinomial distribution, the multivariate $\beta$-distribution, and correlations among proportions},
  author={Mosimann, James E},
  journal={Biometrika},
  volume={49},
  number={1/2},
  pages={65--82},
  year={1962},
  publisher={JSTOR}
}

@article{rauch1965,
  title={Maximum likelihood estimates of linear dynamic systems},
  author={Rauch, Herbert E and Striebel, CT and Tung, F},
  journal={AIAA journal},
  volume={3},
  number={8},
  pages={1445--1450},
  year={1965}
}

